<?xml version="1.0" encoding="UTF-8"?><record xmlns="http://www.loc.gov/MARC21/slim" xmlns:cinclude="http://apache.org/cocoon/include/1.0" xmlns:zs="http://www.loc.gov/zing/srw/">
  <leader>00501nz  a2200145n  4500</leader>
  <controlfield tag="001">n 2002133659</controlfield>
  <controlfield tag="003">DLC</controlfield>
  <controlfield tag="005">20020321040104.0</controlfield>
  <controlfield tag="008">020321n| acannaabn          |a aaa      </controlfield>
  <datafield tag="010" ind1=" " ind2=" ">
    <subfield code="a">n 2002133659</subfield>
  </datafield>
  <datafield tag="035" ind1=" " ind2=" ">
    <subfield code="a">(DNLM)1175976</subfield>
  </datafield>
  <datafield tag="040" ind1=" " ind2=" ">
    <subfield code="a">DNLM</subfield>
    <subfield code="b">eng</subfield>
    <subfield code="c">DNLM</subfield>
  </datafield>
  <datafield tag="100" ind1="1" ind2=" ">
    <subfield code="a">Böni, R.</subfield>
    <subfield code="q">(Roland)</subfield>
  </datafield>
  <datafield tag="400" ind1="1" ind2=" ">
    <subfield code="a">Böni, Roland</subfield>
  </datafield>
  <datafield tag="670" ind1=" " ind2=" ">
    <subfield code="a">Hyperhidrosis and botulinum toxin in dermatology, New York :</subfield>
    <subfield code="b">CIP t.p. (R. Böni) CIP prelim. (MD, Zurich; Roland Böni; specializing in genetics of tumors and hyperhidrosis)</subfield>
  </datafield>
</record>